%% This BibTeX bibliography file was created using BibDesk.
%% http://bibdesk.sourceforge.net/


%% Created for Michael Frank at 2015-10-01 09:33:49 -0700 


%% Saved with string encoding Unicode (UTF-8) 



@article{cohen1992,
	Author = {Cohen, Jacob},
	Date-Added = {2015-10-01 16:33:45 +0000},
	Date-Modified = {2015-10-01 16:33:49 +0000},
	Journal = {Psychological bulletin},
	Number = {1},
	Pages = {155},
	Publisher = {American Psychological Association},
	Title = {A power primer.},
	Volume = {112},
	Year = {1992}}

@article{kidd2012,
	Author = {Kidd, Celeste and Piantadosi, Steven T and Aslin, Richard N},
	Date-Added = {2015-10-01 16:20:34 +0000},
	Date-Modified = {2015-10-01 16:21:43 +0000},
	Title = {The Goldilocks effect: Human infants allocate attention to visual sequences that are neither too simple nor too complex},
	Year = {2012}}

@article{teglas2011,
	Author = {T{\'e}gl{\'a}s, Ern{\H{o}} and Vul, Edward and Girotto, Vittorio and Gonzalez, Michel and Tenenbaum, Joshua B and Bonatti, Luca L},
	Date-Added = {2015-10-01 16:20:24 +0000},
	Date-Modified = {2015-10-01 16:21:43 +0000},
	Journal = {science},
	Number = {6033},
	Pages = {1054--1059},
	Publisher = {American Association for the Advancement of Science},
	Title = {Pure reasoning in 12-month-old infants as probabilistic inference},
	Volume = {332},
	Year = {2011}}

@article{ioannidis2005,
	Author = {Ioannidis, John PA},
	Date-Added = {2015-10-01 16:03:34 +0000},
	Date-Modified = {2015-10-01 16:03:40 +0000},
	Journal = {Chance},
	Number = {4},
	Pages = {40--47},
	Publisher = {Taylor \& Francis},
	Title = {Why most published research findings are false},
	Volume = {18},
	Year = {2005}}

@article{collaboration2015,
	Author = {{\relax Open Science Collaboration}},
	Date-Added = {2015-10-01 16:02:26 +0000},
	Date-Modified = {2015-10-01 16:24:26 +0000},
	Journal = {Science},
	Number = {6251},
	Pages = {aac4716},
	Publisher = {American Association for the Advancement of Science},
	Title = {Estimating the reproducibility of psychological science},
	Volume = {349},
	Year = {2015}}

@article{simmons2011,
	Author = {Simmons, Joseph P and Nelson, Leif D and Simonsohn, Uri},
	Date-Added = {2015-10-01 15:55:38 +0000},
	Date-Modified = {2015-10-01 15:55:40 +0000},
	Journal = {Psychological science},
	Pages = {0956797611417632},
	Publisher = {Sage Publications},
	Title = {False-positive psychology undisclosed flexibility in data collection and analysis allows presenting anything as significant},
	Year = {2011}}

@article{gelman2006,
	Author = {Gelman, Andrew and Stern, Hal},
	Date-Added = {2015-10-01 15:55:14 +0000},
	Date-Modified = {2015-10-01 15:55:40 +0000},
	Journal = {The American Statistician},
	Number = {4},
	Pages = {328--331},
	Publisher = {Taylor \&amp; Francis},
	Title = {The difference between ``significant'' and ``not significant'' is not itself statistically significant},
	Volume = {60},
	Year = {2006}}
